@article{GUYON2003INTRODUCTION,
  title={An introduction to variable and feature selection},
  author={Guyon, Isabelle and Elisseeff, Andr{\'e}},
  journal={Journal of machine learning research},
  volume={3},
  number={Mar},
  pages={1157--1182},
  year={2003},
  url={https://www.jmlr.org/papers/volume3/guyon03a/guyon03a.pdf}
}

@article{NATARAJAN1995SPARSE,
  author={Natarajan, B. K.},
  title={Sparse Approximate Solutions to Linear Systems},
  journal={SIAM Journal on Computing},
  volume={24},
  number={2},
  pages={227-234},
  year={1995},
  doi={10.1137/S0097539792240406},
  url={https://epubs.siam.org/doi/10.1137/S0097539792240406}
}

@book{MITSUO1996GENETIC,
  title={Genetic Algorithms and Engineering Design},
  author={Mitsuo Gen, Runwei Cheng},
  year={1996},
  publisher={John Wiley & Sons},
  isbn={9780470172254},
  url={https://onlinelibrary.wiley.com/doi/book/10.1002/9780470172254}
}

@misc{OPTIMIZATIONLECTURE,
  title={Optimization in Machine Learning - Chapter 08: Evolutionary Algorithms},
  author={slds-lmu},
  year={2021},
  url={https://slds-lmu.github.io/website_optimization/chapters/08_evolutionary/},
}
