@article{ZOUHASTIE,
  title={Regularization and variable selection via the elastic net},
  author={Zou, Hui and Hastie, Trevor},
  journal={Journal of the Royal Statistical Society Series B: Statistical Methodology},
  volume={67},
  number={2},
  pages={301--320},
  year={2005},
  url={https://academic.oup.com/jrsssb/article/67/2/301/7109482?login=false},
  publisher={Oxford University Press}
}

@article{TIBS1996,
  title={Regression shrinkage and selection via the lasso},
  author={Tibshirani, Robert},
  journal={Journal of the Royal Statistical Society Series B: Statistical Methodology},
  volume={58},
  number={1},
  pages={267--288},
  year={1996},
  url = {https://www.jstor.org/stable/2346178},
  publisher={Oxford University Press}
}

@article{ZHAO2006,
  title={On model selection consistency of Lasso},
  author={Zhao, Peng and Yu, Bin},
  journal={The Journal of Machine Learning Research},
  volume={7},
  pages={2541--2563},
  year={2006},
  publisher={JMLR. org},
  url={https://www.jmlr.org/papers/volume7/zhao06a/zhao06a.pdf}
}

@article{MEINSHAUSEN2009,
  title={LASSO-TYPE RECOVERY OF SPARSE REPRESENTATIONS FOR HIGH-DIMENSIONAL DATA},
  author={Meinshausen, NICOLAI and Yu, BIN},
  journal={The Annals of Statistics},
  volume={37},
  number={1},
  pages={246--270},
  year={2009},
  url={https://projecteuclid.org/journals/annals-of-statistics/volume-37/issue-1/Lasso-type-recovery-of-sparse-representations-for-high-dimensional-data/10.1214/07-AOS582.full}
}

@article{YUAN2006,
  title={Model selection and estimation in regression with grouped variables},
  author={Yuan, Ming and Lin, Yi},
  journal={Journal of the Royal Statistical Society Series B: Statistical Methodology},
  volume={68},
  number={1},
  pages={49--67},
  year={2006},
  publisher={Oxford University Press},
  url={https://rss.onlinelibrary.wiley.com/doi/abs/10.1111/j.1467-9868.2005.00532.x}
}

@article{FU2000,
  author = {Wenjiang Fu and Keith Knight},
  title = {Asymptotics for lasso-type estimators},
  journal = {The Annals of Statistics},
  volume = {28},
  number = {5},
  publisher = {Institute of Mathematical Statistics},
  pages = {1356 -- 1378},
  year={2000},
  url = {https://doi.org/10.1214/aos/1015957397}
}


@article{FAN2001,
author = {Jianqing Fan and Runze Li},
title = {Variable Selection via Nonconcave Penalized Likelihood and its Oracle Properties},
journal = {Journal of the American Statistical Association},
volume = {96},
number = {456},
publisher = {Taylor \& Francis},
pages = {1348--1360},
year = {2001},
url = {https://doi.org/10.1198/016214501753382273}
}

@article{ZHANG2010,
author = {Cun-Hui Zhang},
title = {Nearly unbiased variable selection under minimax concave penalty},
volume = {38},
journal = {The Annals of Statistics},
number = {2},
publisher = {Institute of Mathematical Statistics},
pages = {894 -- 942},
year = {2010},
url = {https://doi.org/10.1214/09-AOS729}
}


