@inproceedings{CATICHA2004RELATIVE,
  title={Relative entropy and inductive inference},
  author={Caticha, Ariel},
  booktitle={AIP conference proceedings},
  volume={707},
  number={1},
  pages={75--96},
  year={2004},
  organization={American Institute of Physics},
  url={https://pubs.aip.org/aip/acp/article-abstract/707/1/75/719597/Relative-Entropy-and-Inductive-Inference}
}

@book{KHINCHIN1957MATHEMATICAL,
  title={Mathematical Foundations of Information Theory},
  author={Khinchin, A.I.A.},
  isbn={9780486604343},
  lccn={57013025},
  series={Dover Books on Mathematics},
  url={https://books.google.de/books/about/Mathematical_Foundations_of_Information.html?id=0uvKF-LT_tMC&redir_esc=y},
  year={1957},
  publisher={Dover Publications},
}

@book{JAYNES_2003, 
  place={Cambridge}, 
  title={Probability Theory: The Logic of Science}, 
  publisher={Cambridge University Press}, 
  author={Jaynes, E. T.}, 
  editor={Bretthorst, G. LarryEditor}, 
  year={2003},
  url={https://www.cambridge.org/core/books/probability-theory/9CA08E224FF30123304E6D8935CF1A99}
}
