@article{LI2018VISUALIZING,
  title={Visualizing the loss landscape of neural nets},
  author={Li, Hao and Xu, Zheng and Taylor, Gavin and Studer, Christoph and Goldstein, Tom},
  journal={Advances in neural information processing systems},
  volume={31},
  year={2018},
  url={https://arxiv.org/pdf/1712.09913}
}

@article{WEDDERBURN1976MAX,
  title={On the existence and uniqueness of the maximum likelihood estimates for certain generalized linear models},
  author={Wedderburn, Robert},
  journal={Biometrika},
  year={1976},
  url={https://www.jstor.org/stable/2335080}
}


@article{STNE1977CONS,
  title={Consistent nonparametric regression},
  author={Stone, Charles},
  journal={The annals of statistics},
  year={1977},
  url={https://www.asc.ohio-state.edu/lee.2272//881/stonetheorem.pdf}
}

@article{FELDMAN2012AGNOSTIC,
  title={Agnostic learning of monomials by halfspaces is hard},
  author={Feldman, Vitaly and Guruswami, Venkatesan and Raghavendra, Prasad and Wu, Yi},
  journal={SIAM Journal on Computing},
  volume={41},
  number={6},
  pages={1558--1590},
  year={2012},
  publisher={SIAM},
  url={https://arxiv.org/abs/1012.0729}
}

@article{WANG2020COMPRE,
  title={A comprehensive survey of loss functions in machine learning},
  author={Wang, Qi and Ma, Yue and Zhao, Kun and Tian, Yingjie},
  journal={Annals of Data Science},
  year={2020},
  url={https://faculty.ist.psu.edu/vhonavar/Courses/ds310/lossfunc.pdf}
}

@misc{BISCHL22I2ML,
  author = {Bischl, Bernd and Bothmann, Ludwig and Scheipl, Fabian and Pielok, Tobias and Wimmer, Lisa and Li, Yawei and Kolb, Chris and Schalk, Daniel and Seibold, Heidi and Molnar, Christoph and Richter, Jakob},
  title = {{Introduction to Machine Learning (I2ML)}},
  howpublished = "\url{https://slds-lmu.github.io/i2ml/}",
  year = {2022},
  url = {https://slds-lmu.github.io/i2ml/chapters/06_cart/},
  note = "[Online; accessed 2024-10-08]"
}

@article{BROWN2024BIAS,
  title={Bias/Variance is not the same as Approximation/Estimation},
  author={Brown, Gavin and Ali, Riccardo},
  year={2024},
  journal={Transactions on Machine Learning Research},
  url={https://openreview.net/pdf?id=4TnFbv16hK}
}

@article{GNEITING2007,
  title={Strictly proper scoring rules, prediction, and estimation},
  author={Gneiting, Tilmann and Raftery, Adrian E},
  journal={Journal of the American statistical Association},
  volume={102},
  number={477},
  pages={359--378},
  year={2007},
  publisher={Taylor \& Francis},
  url={https://sites.stat.washington.edu/raftery/Research/PDF/Gneiting2007jasa.pdf}
}

@inproceedings{SOLLICH1999NINTH,
  author={Sollich, P.},
  booktitle={1999 Ninth International Conference on Artificial Neural Networks ICANN 99. (Conf. Publ. No. 470)}, 
  title={Probabilistic interpretations and Bayesian methods for support vector machines}, 
  year={1999},
  volume={1},
  number={},
  pages={91-96 vol.1},
  keywords={},
  doi={10.1049/cp:19991090},
  url={https://ieeexplore.ieee.org/abstract/document/819547}
}

@inproceedings{MEYER2021ALTERNATIVE,
  title={An alternative probabilistic interpretation of the huber loss},
  author={Meyer, Gregory P},
  booktitle={Proceedings of the ieee/cvf conference on computer vision and pattern recognition},
  pages={5261--5269},
  year={2021},
  url={https://openaccess.thecvf.com/content/CVPR2021/papers/Meyer_An_Alternative_Probabilistic_Interpretation_of_the_Huber_Loss_CVPR_2021_paper.pdf}
}

@article{SALEH2022STATISTICAL,
  title={Statistical properties of the log-cosh loss function used in machine learning},
  author={Saleh, Resve A and Saleh, AK},
  journal={arXiv preprint arXiv:2208.04564},
  year={2022},
  url={https://arxiv.org/pdf/2208.04564}
}
