@misc{DUVENAUDKERNEL,
  title="Expressing Structure with Kernels",
  author="David Duvenaud",
  year={2014},
  url={https://raw.githubusercontent.com/duvenaud/phd-thesis/master/kernels.pdf}
}

@misc{FREITAS2020,
  author = {Nando de Freitas},
  title = {Gaussian Processes},
  url={https://www.youtube.com/watch?v=FhL_ceLpYrQ&list=PL41qI9AD63BPlbRrpwAQfxLjGemejQOAX&index=9},
  year = {2020}
}

@misc{MATHEMATICALMONK2011,
  author = {Mathematical Monk},
  title = {Gaussian Processes},
  url={https://www.youtube.com/watch?app=desktop&v=vU6AiEYED9E},
  year = {2011}
}

@book{GRIMMETT2001PROC,
  title={Probability and {R}andom {P}rocesses},
  author={Grimmett, Geoffrey R. and Stirzaker, David R.},
  publisher={Oxford University Press},
  year={2001},
  edition={3},
  url={http://old-eclass.uop.gr/modules/document/file.php/TST244/%5BGeoffrey_R._Grimmett%2C_David_R._Stirzaker%5D_Probabi(BookZZ.org).pdf}
}

@book{RASMUSSENWILLIAMS2006GPML,
  title={Gaussian Processes for Machine Learning},
  author={Rasmussen, Carl E. and Williams, Christopher K. I.},
  publisher={MIT Press},
  year={2006},
  url={https://gaussianprocess.org/gpml/chapters/RW.pdf}
}

@phdthesis{SNELSON2001THESIS,
  author    = {Edward Lloyd Snelson},
  title     = {Flexible and efficient Gaussian process models for machine learning},
  school    = {University of Cambridge},
  year      = {2001},
  url = {https://discovery.ucl.ac.uk/id/eprint/1445855/1/Snelson_thesis.pdf}
}